<record><leader>00000cas a2200000 a 4500</leader><controlfield tag="001">26515253</controlfield><controlfield tag="008">920901d18uu1uuucauwr ne      0    0eng c</controlfield><datafield ind1=" " ind2=" " tag="010"><subfield code="a">sn 92068857 </subfield></datafield><datafield ind1=" " ind2=" " tag="040"><subfield code="a">CUY</subfield><subfield code="b">eng</subfield><subfield code="c">CNK</subfield><subfield code="d">OCL</subfield><subfield code="d">CNK</subfield><subfield code="d">OCLCQ</subfield><subfield code="d">OCLCF</subfield><subfield code="d">OCLCO</subfield></datafield><datafield ind1=" " ind2=" " tag="042"><subfield code="a">pcc</subfield></datafield><datafield ind1=" " ind2=" " tag="043"><subfield code="a">n-us-ca</subfield></datafield><datafield ind1="0" ind2=" " tag="130"><subfield code="a">Mountain echo (Angels Camp, Calif.)</subfield></datafield><datafield ind1="1" ind2="4" tag="245"><subfield code="a">The mountain echo.</subfield></datafield><datafield ind1="3" ind2="0" tag="246"><subfield code="a">Weekly monitor</subfield></datafield><datafield ind1=" " ind2=" " tag="260"><subfield code="a">Angels Camp, Calaveras County, Cal. :</subfield><subfield code="b">M. Reed</subfield></datafield><datafield ind1=" " ind2=" " tag="300"><subfield code="a">v.</subfield></datafield><datafield ind1=" " ind2=" " tag="310"><subfield code="a">Weekly</subfield></datafield><datafield ind1="1" ind2=" " tag="362"><subfield code="a">Began in 1879; ceased in 1906?</subfield><subfield code="z">Cf. Gregory, W. Amer. newspapers.</subfield></datafield><datafield ind1=" " ind2=" " tag="500"><subfield code="a">Published as: Weekly monitor, June 13-Aug. 1, 1889.</subfield></datafield><datafield ind1=" " ind2=" " tag="588"><subfield code="a">Description based on: Vol. 1, no. 37 (Jan. 20, 1880).</subfield></datafield><datafield ind1=" " ind2="0" tag="651"><subfield code="a">Calaveras County (Calif.)</subfield><subfield code="v">Newspapers.</subfield></datafield><datafield ind1=" " ind2="0" tag="651"><subfield code="a">Angels Camp (Calif.)</subfield><subfield code="v">Newspapers.</subfield></datafield><datafield ind1=" " ind2="7" tag="655"><subfield code="a">Newspapers.</subfield><subfield code="2">fast</subfield><subfield code="0">(OCoLC)fst01423814</subfield></datafield><datafield ind1=" " ind2="7" tag="651"><subfield code="a">California</subfield><subfield code="z">Angels Camp.</subfield><subfield code="2">fast</subfield><subfield code="0">(OCoLC)fst01214794</subfield></datafield><datafield ind1=" " ind2="7" tag="651"><subfield code="a">California</subfield><subfield code="z">Calaveras County.</subfield><subfield code="2">fast</subfield><subfield code="0">(OCoLC)fst01215708</subfield></datafield><datafield ind1=" " ind2=" " tag="752"><subfield code="a">United States</subfield><subfield code="b">California</subfield><subfield code="c">Calaveras</subfield><subfield code="d">Angels Camp.</subfield></datafield></record>